@article{fick2019dmipy,
  title={The dmipy toolbox: Diffusion mri multi-compartment modeling and microstructure recovery made easy},
  author={Fick, Rutger HJ and Wassermann, Demian and Deriche, Rachid},
  journal={Frontiers in neuroinformatics},
  volume={13},
  pages={64},
  year={2019},
  publisher={Frontiers Media SA},
  doi={10.3389/fninf.2019.00064},
  url={https://doi.org/10.3389/fninf.2019.00064},
}

@article{zhang2012noddi,
  title={NODDI: practical in vivo neurite orientation dispersion and density imaging of the human brain},
  author={Zhang, Hui and Schneider, Torben and Wheeler-Kingshott, Claudia A and Alexander, Daniel C},
  journal={Neuroimage},
  volume={61},
  number={4},
  pages={1000--1016},
  year={2012},
  publisher={Elsevier},
  doi={10.1016/j.neuroimage.2012.03.072},
  url={https://doi.org/10.1016/j.neuroimage.2012.03.072},
}

@article{jelescu2017design,
  title={Design and validation of diffusion MRI models of white matter},
  author={Jelescu, Ileana O and Budde, Matthew D},
  journal={Frontiers in physics},
  volume={5},
  pages={61},
  year={2017},
  publisher={Frontiers Media SA},
  doi={10.3389/fphy.2017.00061},
  url={https://doi.org/10.3389/fphy.2017.00061},
}

@article{sagi2012learning,
  title={Learning in the fast lane: new insights into neuroplasticity},
  author={Sagi, Yaniv and Tavor, Ido and Hofstetter, Shir and Tzur-Moryosef, Shimrit and Blumenfeld-Katzir, Tamar and Assaf, Yaniv},
  journal={Neuron},
  volume={73},
  number={6},
  pages={1195--1203},
  year={2012},
  publisher={Elsevier},
  doi={10.1016/j.neuron.2012.01.025},
  url={https://www.doi.org/10.1016/j.neuron.2012.01.025},
}

@article{lebel2019review,
  title={A review of diffusion MRI of typical white matter development from early childhood to young adulthood},
  author={Lebel, Catherine and Treit, Sarah and Beaulieu, Christian},
  journal={NMR in Biomedicine},
  volume={32},
  number={4},
  pages={e3778},
  year={2019},
  publisher={Wiley Online Library},
  doi={10.1002/nbm.3778},
  url={https://doi.org/10.1002/nbm.3778},
}

@article{sullivan2006diffusion,
  title={Diffusion tensor imaging and aging},
  author={Sullivan, Edith V and Pfefferbaum, Adolf},
  journal={Neuroscience \& Biobehavioral Reviews},
  volume={30},
  number={6},
  pages={749--761},
  year={2006},
  publisher={Elsevier},
  doi={10.1016/j.neubiorev.2006.06.002},
  url={https://doi.org/10.1016/j.neubiorev.2006.06.002}
}

@article{gibbard2018structural,
  title={Structural connectivity of the amygdala in young adults with autism spectrum disorder},
  author={Gibbard, Clare R and Ren, Juejing and Skuse, David H and Clayden, Jonathan D and Clark, Chris A},
  journal={Human brain mapping},
  volume={39},
  number={3},
  pages={1270--1282},
  year={2018},
  publisher={Wiley Online Library},
  doi={10.1002/hbm.23915},
  url={https://doi.org/10.1002/hbm.23915},
}

@article{zhang2009white,
  title={White matter damage in frontotemporal dementia and Alzheimer's disease measured by diffusion MRI},
  author={Zhang, Yu and Schuff, Norbert and Du, An-Tao and Rosen, Howard J and Kramer, Joel H and Gorno-Tempini, Maria Luisa and Miller, Bruce L and Weiner, Michael W},
  journal={Brain},
  volume={132},
  number={9},
  pages={2579--2592},
  year={2009},
  publisher={Oxford University Press},
  doi={10.1093/brain/awp071},
  url={https://doi.org/10.1093/brain/awp071},
}

@article{kiselev2017fundamentals,
  title={Fundamentals of diffusion MRI physics},
  author={Kiselev, Valerij G},
  journal={NMR in Biomedicine},
  volume={30},
  number={3},
  pages={e3602},
  year={2017},
  publisher={Wiley Online Library},
  doi={10.1002/nbm.3602},
  url={https://doi.org/10.1002/nbm.3602},
}

@article{novikov2019quantifying,
  title={Quantifying brain microstructure with diffusion MRI: Theory and parameter estimation},
  author={Novikov, Dmitry S and Fieremans, Els and Jespersen, Sune N and Kiselev, Valerij G},
  journal={NMR in Biomedicine},
  volume={32},
  number={4},
  pages={e3998},
  year={2019},
  publisher={Wiley Online Library},
  doi={10.1002/nbm.3998},
url={https://doi.org/10.1002/nbm.3998},
}

@article{kaden2016quantitative,
  title={Quantitative mapping of the per-axon diffusion coefficients in brain white matter},
  author={Kaden, Enrico and Kruggel, Frithjof and Alexander, Daniel C},
  journal={Magnetic resonance in medicine},
  volume={75},
  number={4},
  pages={1752--1763},
  year={2016},
  publisher={Wiley Online Library},
  doi={10.1002/mrm.25734},
  url={https://doi.org/10.1002/mrm.25734},
}

@article{jespersen2013orientationally,
  title={Orientationally invariant metrics of apparent compartment eccentricity from double pulsed field gradient diffusion experiments},
  author={Jespersen, Sune N{\o}rh{\o}j and Lundell, Henrik and S{\o}nderby, Casper Kaae and Dyrby, Tim B},
  journal={NMR in Biomedicine},
  volume={26},
  number={12},
  pages={1647--1662},
  year={2013},
  publisher={Wiley Online Library},
  doi={10.1002/nbm.2999},
  url={https://doi.org/10.1002/nbm.2999},
}

@article{lasivc2014microanisotropy,
  title={Microanisotropy imaging: quantification of microscopic diffusion anisotropy and orientational order parameter by diffusion MRI with magic-angle spinning of the q-vector},
  author={Lasi{\v{c}}, Samo and Szczepankiewicz, Filip and Eriksson, Stefanie and Nilsson, Markus and Topgaard, Daniel},
  journal={Frontiers in Physics},
  volume={2},
  pages={11},
  year={2014},
  publisher={Frontiers Media SA},
  doi={10.3389/fphy.2014.00011},
  url={https://doi.org/10.3389/fphy.2014.00011},
}

@article{kaden2016multi,
  title={Multi-compartment microscopic diffusion imaging},
  author={Kaden, Enrico and Kelm, Nathaniel D and Carson, Robert P and Does, Mark D and Alexander, Daniel C},
  journal={NeuroImage},
  volume={139},
  pages={346--359},
  year={2016},
  publisher={Elsevier},
  doi={10.1016/j.neuroimage.2016.06.002},
  url={https://doi.org/10.1016/j.neuroimage.2016.06.002},
}

@article{szczepankiewicz2016link,
  title={The link between diffusion MRI and tumor heterogeneity: Mapping cell eccentricity and density by diffusional variance decomposition (DIVIDE)},
  author={Szczepankiewicz, Filip and van Westen, Danielle and Englund, Elisabet and Westin, Carl-Fredrik and St{\aa}hlberg, Freddy and L{\"a}tt, Jimmy and Sundgren, Pia C and Nilsson, Markus},
  journal={Neuroimage},
  volume={142},
  pages={522--532},
  year={2016},
  publisher={Elsevier},
  doi={10.1016/j.neuroimage.2016.07.038},
  url={https://doi.org/10.1016/j.neuroimage.2016.07.038},
}

@article{henriques2020correlation,
  title={Correlation tensor magnetic resonance imaging},
  author={Henriques, Rafael Neto and Jespersen, Sune N{\o}rh{\o}j and Shemesh, Noam},
  journal={Neuroimage},
  volume={211},
  pages={116605},
  year={2020},
  publisher={Elsevier},
  doi={0.1016/j.neuroimage.2020.116605},
  url={https://doi.org/10.1016/j.neuroimage.2020.116605},
}

@article{golkov2016q,
  title={Q-space deep learning: twelve-fold shorter and model-free diffusion MRI scans},
  author={Golkov, Vladimir and Dosovitskiy, Alexey and Sperl, Jonathan I and Menzel, Marion I and Czisch, Michael and S{\"a}mann, Philipp and Brox, Thomas and Cremers, Daniel},
  journal={IEEE transactions on medical imaging},
  volume={35},
  number={5},
  pages={1344--1351},
  year={2016},
  publisher={IEEE},
  doi={10.1109/TMI.2016.2551324},
  url={https://doi.org/10.1109/TMI.2016.2551324},
}

@article{barbieri2020deep,
  title={Deep learning how to fit an intravoxel incoherent motion model to diffusion-weighted MRI},
  author={Barbieri, Sebastiano and Gurney-Champion, Oliver J and Klaassen, Remy and Thoeny, Harriet C},
  journal={Magnetic resonance in medicine},
  volume={83},
  number={1},
  pages={312--321},
  year={2020},
  publisher={Wiley Online Library},
  doi={10.1002/mrm.27910},
  url={https://doi.org/10.1002/mrm.27910},
}

@article{palombo2020sandi,
  title={SANDI: a compartment-based model for non-invasive apparent soma and neurite imaging by diffusion MRI},
  author={Palombo, Marco and Ianus, Andrada and Guerreri, Michele and Nunes, Daniel and Alexander, Daniel C and Shemesh, Noam and Zhang, Hui},
  journal={Neuroimage},
  volume={215},
  pages={116835},
  year={2020},
  publisher={Elsevier},
  doi={10.1016/j.neuroimage.2020.116835},
  url={https://doi.org/10.1016/j.neuroimage.2020.116835},
}

@article{karimi2021deep,
  title={Deep learning-based parameter estimation in fetal diffusion-weighted MRI},
  author={Karimi, Davood and Jaimes, Camilo and Machado-Rivas, Fedel and Vasung, Lana and Khan, Shadab and Warfield, Simon K and Gholipour, Ali},
  journal={Neuroimage},
  volume={243},
  pages={118482},
  year={2021},
  publisher={Elsevier},
  doi={10.1016/j.neuroimage.2021.118482},
  url={https://doi.org/10.1016/j.neuroimage.2021.118482},
}

@article{gyori2021potential,
  title={On the potential for mapping apparent neural soma density via a clinically viable diffusion MRI protocol},
  author={Gyori, Noemi G and Clark, Christopher A and Alexander, Daniel C and Kaden, Enrico},
  journal={NeuroImage},
  volume={239},
  pages={118303},
  year={2021},
  publisher={Elsevier},
  doi={10.1016/j.neuroimage.2021.118303},
  url={https://doi.org/10.1016/j.neuroimage.2021.118303},
}

@article{de2021neural,
  title={Neural networks for parameter estimation in microstructural MRI: Application to a diffusion-relaxation model of white matter},
  author={de Almeida Martins, Jo{\~a}o P and Nilsson, Markus and Lampinen, Bj{\"o}rn and Palombo, Marco and While, Peter T and Westin, Carl-Fredrik and Szczepankiewicz, Filip},
  journal={NeuroImage},
  volume={244},
  pages={118601},
  year={2021},
  publisher={Elsevier},
  doi={10.1016/j.neuroimage.2021.118601},
  url={https://doi.org/10.1016/j.neuroimage.2021.118601},
}

@inproceedings{elaldi2021equivariant,
  title={Equivariant Spherical Deconvolution: Learning Sparse Orientation Distribution Functions from Spherical Data},
  author={Elaldi, Axel and Dey, Neel and Kim, Heejong and Gerig, Guido},
  booktitle={International Conference on Information Processing in Medical Imaging},
  pages={267--278},
  year={2021},
  organization={Springer},
  doi={10.1007/978-3-030-78191-0_21},
  url={https://doi.org/10.1007/978-3-030-78191-0_21},
}

@inproceedings{sedlar2021diffusion,
  title={Diffusion MRI fiber orientation distribution function estimation using voxel-wise spherical U-net},
  author={Sedlar, Sara and Papadopoulo, Th{\'e}odore and Deriche, Rachid and Deslauriers-Gauthier, Samuel},
  booktitle={Computational Diffusion MRI},
  pages={95--106},
  year={2021},
  publisher={Springer},
  doi={10.1007/978-3-030-73018-5_8},
  url={https://doi.org/10.1007/978-3-030-73018-5_8},
}

@inproceedings{sedlar2021spherical,
  title={A spherical convolutional neural network for white matter structure imaging via dMRI},
  author={Sedlar, Sara and Alimi, Abib and Papadopoulo, Th{\'e}odore and Deriche, Rachid and Deslauriers-Gauthier, Samuel},
  booktitle={International Conference on Medical Image Computing and Computer-Assisted Intervention},
  pages={529--539},
  year={2021},
  organization={Springer},
  doi={10.1007/978-3-030-87199-4_50},
  url={https://doi.org/10.1007/978-3-030-87199-4_50},
}

@article{kerkela2022improved,
  title={Improved reproducibility of diffusion kurtosis imaging using regularized non-linear optimization informed by artificial neural networks},
  author={Kerkel{\"a}, Leevi and Seunarine, Kiran and Henriques, Rafael Neto and Clayden, Jonathan D and Clark, Chris A},
  journal={arXiv preprint arXiv:2203.07327},
  year={2022},
  url={https://arxiv.org/abs/2203.07327},
}

@article{gyori2022training,
  title={Training data distribution significantly impacts the estimation of tissue microstructure with machine learning},
  author={Gyori, Noemi G and Palombo, Marco and Clark, Christopher A and Zhang, Hui and Alexander, Daniel C},
  journal={Magnetic resonance in medicine},
  volume={87},
  number={2},
  pages={932--947},
  year={2022},
  publisher={Wiley Online Library},
  doi={10.1002/mrm.29014},
  url={https://doi.org/10.1002/mrm.29014},
}

@article{cohen2018spherical,
  title={Spherical CNNs},
  author={Cohen, Taco S and Geiger, Mario and K{\"o}hler, Jonas and Welling, Max},
  journal={arXiv preprint arXiv:1801.10130},
  year={2018},
  url={https://arxiv.org/abs/1801.10130},
}

@inproceedings{esteves2018learning,
  title={Learning so (3) equivariant representations with spherical cnns},
  author={Esteves, Carlos and Allen-Blanchette, Christine and Makadia, Ameesh and Daniilidis, Kostas},
  booktitle={Proceedings of the European Conference on Computer Vision (ECCV)},
  pages={52--68},
  year={2018},
  doi={10.1007/978-3-030-01261-8_4},
  url={https://doi.org/10.1007/978-3-030-01261-8_4},
}

@article{perraudin2019deepsphere,
  title={DeepSphere: Efficient spherical convolutional neural network with HEALPix sampling for cosmological applications},
  author={Perraudin, Nathana{\"e}l and Defferrard, Micha{\"e}l and Kacprzak, Tomasz and Sgier, Raphael},
  journal={Astronomy and Computing},
  volume={27},
  pages={130--146},
  year={2019},
  publisher={Elsevier},
  doi={10.1016/j.ascom.2019.03.004},
  url={https://doi.org/10.1016/j.ascom.2019.03.004},
}

@article{rahmanzadeh2021myelin,
  title={Myelin and axon pathology in multiple sclerosis assessed by myelin water and multi-shell diffusion imaging},
  author={Rahmanzadeh, Reza and Lu, Po-Jui and Barakovic, Muhamed and Weigel, Matthias and Maggi, Pietro and Nguyen, Thanh D and Schiavi, Simona and Daducci, Alessandro and La Rosa, Francesco and Schaedelin, Sabine and others},
  journal={Brain},
  volume={144},
  number={6},
  pages={1684--1696},
  year={2021},
  publisher={Oxford University Press},
  doi={10.1093/brain/awab088},
  url={https://doi.org/10.1093/brain/awab088},
}

@article{rahmanzadeh2022new,
  title={A new advanced MRI biomarker for remyelinated lesions in Multiple Sclerosis},
  author={Rahmanzadeh, Reza and Galbusera, Riccardo and Lu, Po-Jui and Bahn, Erik and Weigel, Matthias and Barakovic, Muhamed and Franz, Jonas and Nguyen, Thanh D and Spincemaille, Pascal and Schiavi, Simona and others},
  journal={Annals of neurology},
  volume={92},
  number={3},
  pages={486--502},
  year={2022},
  publisher={Wiley Online Library},
  doi={10.1002/ana.26441},
  url={https://doi.org/10.1002/ana.26441},
}

@article{voldsbekk2021sleep,
  title={Sleep and sleep deprivation differentially alter white matter microstructure: A mixed model design utilising advanced diffusion modelling},
  author={Voldsbekk, Irene and Groote, Inge and Zak, Nathalia and Roelfs, Dani{\"e}l and Geier, Oliver and Due-T{\o}nnessen, Paulina and L{\o}kken, Lise-Linn and Str{\o}mstad, Marie and Blakstvedt, Taran Y and Kuiper, Yvonne S and others},
  journal={NeuroImage},
  volume={226},
  pages={117540},
  year={2021},
  publisher={Elsevier},
  doi={10.1016/j.neuroimage.2020.117540},
  url={https://doi.org/10.1016/j.neuroimage.2020.117540},
}

@article{toescu2021tractographic,
  title={Tractographic and microstructural analysis of the dentato-rubro-thalamo-cortical tracts in children using diffusion MRI},
  author={Toescu, Sebastian M and Hales, Patrick W and Kaden, Enrico and Lacerda, Luis M and Aquilina, Kristian and Clark, Christopher A},
  journal={Cerebral Cortex},
  volume={31},
  number={5},
  pages={2595--2609},
  year={2021},
  publisher={Oxford University Press},
  doi={10.1093/cercor/bhaa377},
  url={https://doi.org/10.1093/cercor/bhaa377},
}

@article{battocchio2022bundle,
  title={Bundle-o-graphy: improving structural connectivity estimation with adaptive microstructure-informed tractography},
  author={Battocchio, Matteo and Schiavi, Simona and Descoteaux, Maxime and Daducci, Alessandro},
  journal={NeuroImage},
  volume={263},
  pages={119600},
  year={2022},
  publisher={Elsevier},
  doi={10.1016/j.neuroimage.2022.119600},
  url={https://doi.org/10.1016/j.neuroimage.2022.119600},
}

@article{collins2019white,
  title={White matter microstructure correlates with mathematics but not word reading performance in 13-year-old children born very preterm and full-term},
  author={Collins, Simonne E and Spencer-Smith, Megan and M{\"u}rner-Lavanchy, Ines and Kelly, Claire E and Pyman, Philippa and Pascoe, Leona and Cheong, Jeanie and Doyle, Lex W and Thompson, Deanne K and Anderson, Peter J},
  journal={NeuroImage: Clinical},
  volume={24},
  pages={101944},
  year={2019},
  publisher={Elsevier},
  doi={10.1016/j.nicl.2019.101944},
  url={https://doi.org/10.1016/j.nicl.2019.101944}
}

@article{driscoll1994computing,
  title={Computing Fourier transforms and convolutions on the 2-sphere},
  author={Driscoll, James R and Healy, Dennis M},
  journal={Advances in applied mathematics},
  volume={15},
  number={2},
  pages={202--250},
  year={1994},
  publisher={Elsevier},
  doi={10.1006/aama.1994.1008},
  url={https://doi.org/10.1006/aama.1994.1008},
}

@article{brechbuhler1995parametrization,
  title={Parametrization of closed surfaces for 3-D shape description},
  author={Brechb{\"u}hler, Ch and Gerig, Guido and K{\"u}bler, Olaf},
  journal={Computer vision and image understanding},
  volume={61},
  number={2},
  pages={154--170},
  year={1995},
  publisher={Elsevier},
  doi={10.1006/cviu.1995.1013},
  url={https://doi.org/10.1006/cviu.1995.1013},
}

@article{westin2016q,
  title={Q-space trajectory imaging for multidimensional diffusion MRI of the human brain},
  author={Westin, Carl-Fredrik and Knutsson, Hans and Pasternak, Ofer and Szczepankiewicz, Filip and {\"O}zarslan, Evren and van Westen, Danielle and Mattisson, Cecilia and Bogren, Mats and O'Donnell, Lauren J and Kubicki, Marek and others},
  journal={Neuroimage},
  volume={135},
  pages={345--362},
  year={2016},
  publisher={Elsevier},
  doi={10.1016/j.neuroimage.2016.02.039},
  url={https://doi.org/10.1016/j.neuroimage.2016.02.039},
}

@article{gorski2005healpix,
  title={HEALPix: A framework for high-resolution discretization and fast analysis of data distributed on the sphere},
  author={Gorski, Krzysztof M and Hivon, Eric and Banday, Anthony J and Wandelt, Benjamin D and Hansen, Frode K and Reinecke, Mstvos and Bartelmann, Matthia},
  journal={The Astrophysical Journal},
  volume={622},
  number={2},
  pages={759},
  year={2005},
  publisher={IOP Publishing},
  doi={10.1086/427976},
  url={https://doi.org/10.1086/427976},
}

@article{zonca2019healpy,
  title={healpy: equal area pixelization and spherical harmonics transforms for data on the sphere in Python},
  author={Zonca, Andrea and Singer, Leo P and Lenz, Daniel and Reinecke, Martin and Rosset, Cyrille and Hivon, Eric and Gorski, Krzysztof M},
  journal={Journal of Open Source Software},
  volume={4},
  number={35},
  pages={1298},
  year={2019},
  doi={10.21105/joss.01298},
  url={http://doi.org/10.21105/joss.01298},
}

@article{ioffe2015batch,
  title={Batch Normalization: Accelerating Deep Network Training by Reducing Internal Covariate Shift},
  author={Ioffe, Sergey and Szegedy, Christian},
  journal={arXiv preprint arXiv:1502.03167},
  year={2015},
  url={https://arxiv.org/abs/1502.03167},
}

@article{veraart2016denoising,
  title={Denoising of diffusion MRI using random matrix theory},
  author={Veraart, Jelle and Novikov, Dmitry S and Christiaens, Daan and Ades-Aron, Benjamin and Sijbers, Jan and Fieremans, Els},
  journal={Neuroimage},
  volume={142},
  pages={394--406},
  year={2016},
  publisher={Elsevier},
  doi={10.1016/j.neuroimage.2016.08.016},
  url={https://doi.org/10.1016/j.neuroimage.2016.08.016},
}

@article{tournier2019mrtrix3,
  title={MRtrix3: A fast, flexible and open software framework for medical image processing and visualisation},
  author={Tournier, J-Donald and Smith, Robert and Raffelt, David and Tabbara, Rami and Dhollander, Thijs and Pietsch, Maximilian and Christiaens, Daan and Jeurissen, Ben and Yeh, Chun-Hung and Connelly, Alan},
  journal={Neuroimage},
  volume={202},
  pages={116137},
  year={2019},
  publisher={Elsevier},
  doi={10.1016/j.neuroimage.2019.116137},
  url={https://doi.org/10.1016/j.neuroimage.2019.116137},
}

@article{andersson2016integrated,
  title={An integrated approach to correction for off-resonance effects and subject movement in diffusion MR imaging},
  author={Andersson, Jesper LR and Sotiropoulos, Stamatios N},
  journal={Neuroimage},
  volume={125},
  pages={1063--1078},
  year={2016},
  publisher={Elsevier},
  doi={10.1016/j.neuroimage.2015.10.019},
  url={https://doi.org/10.1016/j.neuroimage.2015.10.019}
}

@article{jenkinson2012fsl,
  title={Fsl},
  author={Jenkinson, Mark and Beckmann, Christian F and Behrens, Timothy EJ and Woolrich, Mark W and Smith, Stephen M},
  journal={Neuroimage},
  volume={62},
  number={2},
  pages={782--790},
  year={2012},
  publisher={Elsevier},
  doi={10.1016/j.neuroimage.2011.09.015},
  url={https://doi.org/10.1016/j.neuroimage.2011.09.015}
}

@article{jeurissen2014multi,
  title={Multi-tissue constrained spherical deconvolution for improved analysis of multi-shell diffusion MRI data},
  author={Jeurissen, Ben and Tournier, Jacques-Donald and Dhollander, Thijs and Connelly, Alan and Sijbers, Jan},
  journal={NeuroImage},
  volume={103},
  pages={411--426},
  year={2014},
  publisher={Elsevier},
  doi={10.1016/j.neuroimage.2014.07.061},
  url={https://doi.org/10.1016/j.neuroimage.2014.07.061},
}

@article{szczepankiewicz2019tensor,
  title={Tensor-valued diffusion encoding for diffusional variance decomposition (DIVIDE): Technical feasibility in clinical MRI systems},
  author={Szczepankiewicz, Filip and Sj{\"o}lund, Jens and St{\aa}hlberg, Freddy and L{\"a}tt, Jimmy and Nilsson, Markus},
  journal={PLoS One},
  volume={14},
  number={3},
  pages={e0214238},
  year={2019},
  publisher={Public Library of Science San Francisco, CA USA},
  doi={10.1371/journal.pone.0214238},
  url={https://doi.org/10.1371/journal.pone.0214238},
}

@article{szczepankiewicz2019maxwell,
  title={Maxwell-compensated design of asymmetric gradient waveforms for tensor-valued diffusion encoding},
  author={Szczepankiewicz, Filip and Westin, Carl-Fredrik and Nilsson, Markus},
  journal={Magnetic resonance in medicine},
  volume={82},
  number={4},
  pages={1424--1437},
  year={2019},
  publisher={Wiley Online Library},
  doi={10.1002/mrm.27828},
  url={https://doi.org/10.1002/mrm.27828}
}

@article{sjolund2015constrained,
  title={Constrained optimization of gradient waveforms for generalized diffusion encoding},
  author={Sj{\"o}lund, Jens and Szczepankiewicz, Filip and Nilsson, Markus and Topgaard, Daniel and Westin, Carl-Fredrik and Knutsson, Hans},
  journal={Journal of magnetic resonance},
  volume={261},
  pages={157--168},
  year={2015},
  publisher={Elsevier},
  doi={10.1016/j.jmr.2015.10.012},
  url={https://doi.org/10.1016/j.jmr.2015.10.012}
}

@article{kingma2014adam,
  title={Adam: A method for stochastic optimization},
  author={Kingma, Diederik P and Ba, Jimmy},
  journal={arXiv preprint arXiv:1412.6980},
  year={2014},
  url={https://arxiv.org/abs/1412.6980},
}

@article{kostelec2008ffts,
  title={FFTs on the rotation group},
  author={Kostelec, Peter J and Rockmore, Daniel N},
  journal={Journal of Fourier analysis and applications},
  volume={14},
  number={2},
  pages={145--179},
  year={2008},
  publisher={Springer},
  doi={10.1007/s00041-008-9013-5},
  url={https://doi.org/10.1007/s00041-008-9013-5},
}

@article{kerkela2020disimpy,
  title={Disimpy: A massively parallel Monte Carlo simulator for generating diffusion-weighted MRI data in Python},
  author={Kerkel{\"a}, Leevi and Nery, Fabio and Hall, Matt G and Clark, Chris A},
  journal={Journal of Open Source Software},
  volume={5},
  number={52},
  pages={2527},
  year={2020},
  doi={10.21105/joss.02527},
  url={https://doi.org/10.21105/joss.02527},
}

@article{afzali2021spheriously,
  title={SPHERIOUSLY? The challenges of estimating sphere radius non-invasively in the human brain from diffusion MRI},
  author={Afzali, Maryam and Nilsson, Markus and Palombo, Marco and Jones, Derek K},
  journal={NeuroImage},
  volume={237},
  pages={118183},
  year={2021},
  publisher={Elsevier},
  doi={10.1016/j.neuroimage.2021.118183},
  url={https://doi.org/10.1016/j.neuroimage.2021.118183},
}

@article{lampinen2017neurite,
  title={Neurite density imaging versus imaging of microscopic anisotropy in diffusion MRI: a model comparison using spherical tensor encoding},
  author={Lampinen, Bj{\"o}rn and Szczepankiewicz, Filip and M{\aa}rtensson, Johan and van Westen, Danielle and Sundgren, Pia C and Nilsson, Markus},
  journal={Neuroimage},
  volume={147},
  pages={517--531},
  year={2017},
  publisher={Elsevier},
  doi={10.1016/j.neuroimage.2016.11.053},
  url={https://doi.org/10.1016/j.neuroimage.2016.11.053},
}

@article{henriques2019microscopic,
  title={Microscopic anisotropy misestimation in spherical-mean single diffusion encoding MRI},
  author={Henriques, Rafael Neto and Jespersen, Sune N and Shemesh, Noam},
  journal={Magnetic resonance in medicine},
  volume={81},
  number={5},
  pages={3245--3261},
  year={2019},
  publisher={Wiley Online Library},
  doi={10.1002/mrm.27606},
  url={https://doi.org/10.1002/mrm.27606},
}

@article{kerkela2021comparative,
  title={Comparative analysis of signal models for microscopic fractional anisotropy estimation using q-space trajectory encoding},
  author={Kerkel{\"a}, Leevi and Nery, Fabio and Callaghan, Ross and Zhou, Fenglei and Gyori, Noemi G and Szczepankiewicz, Filip and Palombo, Marco and Parker, Geoff JM and Zhang, Hui and Hall, Matt G and others},
  journal={NeuroImage},
  volume={242},
  pages={118445},
  year={2021},
  publisher={Elsevier},
  doi={10.1016/j.neuroimage.2021.118445},
  url={https://doi.org/10.1016/j.neuroimage.2021.118445}
}

@article{goodwin2022can,
  title={How can spherical CNNs benefit ML-based diffusion MRI parameter estimation?},
  author={Goodwin-Allcock, Tobias and McEwen, Jason and Gray, Robert and Nachev, Parashkev and Zhang, Hui},
  journal={arXiv preprint arXiv:2207.00572},
  year={2022},
  url={https://arxiv.org/abs/2207.00572},
}

@article{kondor2018clebsch,
  title={Clebsch--gordan nets: a fully fourier space spherical convolutional neural network},
  author={Kondor, Risi and Lin, Zhen and Trivedi, Shubhendu},
  journal={Advances in Neural Information Processing Systems},
  volume={31},
  year={2018}
}

@article{topgaard2017multidimensional,
  title={Multidimensional diffusion MRI},
  author={Topgaard, Daniel},
  journal={Journal of Magnetic Resonance},
  volume={275},
  pages={98--113},
  year={2017},
  publisher={Elsevier},
  doi={10.1016/j.jmr.2016.12.007},
  url={https://doi.org/10.1016/j.jmr.2016.12.007}
}
